@misc{bond,
  author    = "jobsDB",
  title     = "\textbf{หุ้นกู้คืออะไร และแตกต่างจากหุ้นสามัญอย่างไร}",
  url       = "\newline \hspace*{1.2cm}https://th.jobsdb.com/th-th/articles/หุ้นกู้คือ-หุ้นสามัญ"
}

@misc{ios,
  author    = "Apple Inc.",
  title     = "\textbf{iOS}",
  url       = "https://en.wikipedia.org/wiki/IOS"
}

@misc{android,
	author    = "Similan Technology Co., Ltd.",
	title     = "\textbf{Android คืออะไร}",
	url       = "\newline \hspace*{1.2cm}http://www.similantechnology.com/news\&article\/android.html"
}

@misc{uat,
author = "Chatri Ngambenchawong",
title = "\textbf{UAT Test Script ควรทำขึ้นมาจากอะไร}",
url = "\newline \hspace*{1.2cm}https://naiwaen.debuggingsoft.com/2016/02/how-to-make-uat-test-script-from/"
}

@misc{api,
author = "Tadpong Pongthaworakamon",
title = "\textbf{เปิดโลกสู่ API ที่จะเกิดประโยชน์ต่อลูกค้าอย่างไม่เคยมีมาก่อน (ตอน 1)}",
url = "\newline \hspace*{1.2cm}http://kbtg.tech/th/techandservice/openapi/Pages/An-overview-of-open-APIs-and-their-benefits-(part-1).aspx"
}

@misc{android-studio,
author = "mindphp",
title = "\textbf{Android Studio แอนดรอยด์ สตูดิโอ คืออะไร}",
url = "\newline \hspace*{1.2cm}https://www.mindphp.com/คู่มือ/73-คืออะไร/3505-android-studio.html"
}

@misc{swift,
author = "iMacbaszii",
title = "\textbf{รู้จักกับ Swift ภาษาที่ทำให้การเขียนแอพบน iOS, OS X ง่ายนิดเดียว}",
url = "\newline \hspace*{1.2cm}https://www.macthai.com/2014/06/07/intruduction-to-swift-programming-language-from-apple/"
}

@misc{cicd,
author = "Narissara",
title = "\textbf{การนำ Automated testing มารวมเข้ากับ กระบวนการ CI/CD}",
url = "\newline \hspace*{1.2cm}https://medium.com/@narissara.tan/การนำ-automated-testing-มารวมเข้ากับ-กระบวนการ-ci-cd-58c97e31e230"
}

@misc{jenkins,
author = "P Art",
title = "\textbf{มารันเทสแบบอัตโนมัติ ด้วย Jenkins กันเถอะ}",
url = "https://qahive.com/2018/02/03/run-test-jenkins/"
}



